@misc{graphql_validation,
  author =       {{GraphQL validacija polja}},
  howpublished = {\url{https://graphql.org/learn/validation}},
  note =         {stranica posjećena: 11.6.2024.},
}

@misc{graphql_query,
  author =       {{GraphQL query}},
  howpublished = {\url{https://graphql.org/learn/queries}},
  note =         {stranica posjećena: 11.6.2024.},
}

@misc{hotchocolate_doc,
  author =       {{Hotchocolate dokumentacija}},
  howpublished = {\url{https://chillicream.com/docs/hotchocolate/v13}},
  note =         {stranica posjećena: 11.6.2024.},
}

@misc{dotnet_descr,
  author =       {{Opis razvojne platforme .NET}},
  howpublished = {\url{https://auth0.com/blog/what-is-dotnet-platform-overview}},
  note =         {stranica posjećena: 11.6.2024.},
}

@misc{linq2db_doc,
  author =       {{linq2db dokumentacija}},
  howpublished = {\url{https://github.com/linq2db/linq2db}},
  note =         {stranica posjećena: 11.6.2024.},
}

@misc{newtonsoft_json_repo,
  author =       {{Repozitorij Newtonsoft.json}},
  howpublished = {\url{https://github.com/JamesNK/Newtonsoft.Json}},
  note =         {stranica posjećena: 11.6.2024.},
}

@misc{vue_doc,
  author =       {{Vue uvodna dokumentacija}},
  howpublished = {\url{https://vuejs.org/guide/introduction.html}},
  note =         {stranica posjećena: 11.6.2024.},
}

@misc{primevue_doc,
  author =       {{primevue dokumentacija}},
  howpublished = {\url{https://primevue.org}},
  note =         {stranica posjećena: 11.6.2024.},
}

@misc{chartjs_repo,
  author =       {{Repozitorij chartjs}},
  howpublished = {\url{https://raw.githubusercontent.com/apertureless/vue-chartjs}},
  note =         {stranica posjećena: 11.6.2024.},
}

@misc{vue_datepicker_doc,
  author =       {{vue-datepicker dokumentacija}},
  howpublished = {\url{https://vue3datepicker.com}},
  note =         {stranica posjećena: 11.6.2024.},
}

@misc{postgre_doc,
  author =       {{PostgreSQL dokumentacija}},
  howpublished = {\url{https://www.postgresql.org/docs}},
  note =         {stranica posjećena: 11.6.2024.},
}

@misc{git_website,
  author =       {{git web-stranica}},
  howpublished = {\url{https://git-scm.com}},
  note =         {stranica posjećena: 11.6.2024.},
}

@misc{github_website,
  author =       {{Github web-stranica}},
  howpublished = {\url{https://github.com}},
  note =         {stranica posjećena: 11.6.2024.},
}

@misc{primevue_menubar_component,
  author =       {{Komponenta Primevue Menubar}},
  howpublished = {\url{https://primevue.org/menubar}},
  note =         {stranica posjećena: 11.6.2024.},
}
